@article\{Habel_09_PGT,
  title =      "Physically Guided Animation of Trees",
  author =     "Ralf Habel and Alexander Kusternig and Michael Wimmer",
  year =       "2009",
  abstract =   "This paper presents a new method to animate the interaction
               of a tree with wind both realistically and in real time. The
               main idea is to combine statistical observations with
               physical properties in two major parts of tree animation.
               First, the interaction of a single branch with the forces
               applied to it is approximated by a novel efficient two step
               nonlinear deformation method, allowing arbitrary continuous
               deformations and circumventing the need to segment a branch
               to model its deformation behavior. Second, the interaction
               of wind with the dynamic system representing a tree is
               statistically modeled. By precomputing the response function
               of branches to turbulent wind in frequency space, the motion
               of a branch can be synthesized efficiently by sampling a 2D
               motion texture.  Using a hierarchical form of vertex
               displacement, both methods can be combined in a single
               vertex shader, fully leveraging the power of modern GPUs to
               realistically animate thousands of branches and ten
               thousands of leaves at practically no cost.",
  pages =      "523--532",
  month =      mar,
  number =     "2",
  event =      "EUROGRAPHICS 2009",
  issn =       "0167-7055",
  journal =    "Computer Graphics Forum (Proceedings EUROGRAPHICS 2009)",
  volume =     "28",
  location =   "Munich",
  keywords =   "Physically Guided animation, Vegetation, Animation, Trees",
  URL =        "http://www.cg.tuwien.ac.at/research/publications/2009/Habel_09_PGT/",
}
@inproceedings\{Habel_2007_RTT,
  title =      "Physically Based Real-Time Translucency for Leaves",
  author =     "Ralf Habel and Alexander Kusternig and Michael Wimmer",
  year =       "2007",
  abstract =   "This paper presents a new shading model for real-time
               rendering of plant leaves that reproduces all important
               attributes of a leaf and allows for a large number of leaves
               to be shaded. In particular, we use a physically based model
               for accurate subsurface scattering on the translucent side
               of directly lit leaves. For real-time rendering of this
               model, we formulate it as an image convolution process and
               express the result in an efficient directional basis that is
               fast to evaluate. We also propose a data  acquisition method
               for leaves that uses off-the-shelf devices.",
  pages =      "253--263",
  month =      jun,
  organization = "Eurographics",
  booktitle =  "Rendering Techniques 2007 (Proceedings Eurographics
               Symposium on Rendering)",
  editor =     "Jan Kautz and Sumanta Pattanaik",
  isbn =       "978-3-905673-52-4",
  publisher =  "Eurographics Association",
  location =   "Grenoble, France",
  keywords =   "Realtime Rendering,  Natural Scene Rendering, Physically
               Based Rendering, Natural Phenomena",
  URL =        "http://www.cg.tuwien.ac.at/research/publications/2007/Habel_2007_RTT/",
}
@MISC{Mantler_2003_SARRV,
    author = {Stephan Mantler and Robert F. Tobler and Anton L. Fuhrmann},
    title = {The State of the Art in Realtime Rendering of Vegetation},
    year = {2003}
}
@inproceedings{Rebollo_07_FRL,
 author = {Rebollo, C. and Gumbau, J. and Ripolles, O. and Chover, M. and Remolar, I.},
 title = {Fast rendering of leaves},
 booktitle = {Proceedings of the Ninth IASTED International Conference on Computer Graphics and Imaging},
 series = {CGIM '07},
 year = {2007},
 isbn = {978-0-88986-645-4},
 location = {Innsbruck, Austria},
 pages = {46--53},
 numpages = {8},
 url = {http://dl.acm.org/citation.cfm?id=1710707.1710717},
 acmid = {1710717},
 publisher = {ACTA Press},
 address = {Anaheim, CA, USA},
 keywords = {level of detail, natural phenomena, real-time rendering},
} 
@InProceedings{GIPGSMSL07,
      author = "García, Ismael and Patow, Gustavo and Sbert, Mateu and Szirmay-Kalos, László",
      title = "Multi-layered indirect texturing for tree rendering",
      booktitle = "Eurographics Workshop on Natural Phenomena",
      year = "2007",
      editor = "D. Ebert, S. Mérillou",
      url = "http://iiia.udg.es/GGG/publicacions"
}

@InProceedings{Jakulin00,
      author = "Jakulin, Aleks.",
      title = "Interactive Vegetation Rendering with Slicing and Blending",
      booktitle = "Eurographics 2000: Short presentations",
      year = "2000",
      editor="A. de Sousa, J.C. Torres",
      url = "http://www.stat.columbia.edu/~jakulin/slicing-and-blending/trees-electronic.pdf"
}


@ONLINE{GIPGSMSL07_images,
author = {García, Ismael and Patow, Gustavo},
title = {Multi-layered indirect texturing for tree rendering {@ONLINE}},
month = dec,
year = {2011},
url = {http://ismaelgarcia.org/papers/tree_np2007/}
}

@mastersthesis{Umplauf_MT,
	author="Eike Jens Umlauf",
	title = "Image-Based Rendering of Forests",
	school="Vienna University of Technology",
	year = {2004},
	
}
@inproceedings{Umlauf05,
 crossref = {NPH05-proc},
 author = {Anton L. Fuhrmann and Eike Umlauf and Stephan Mantler},
 title = {{Extreme Model Simplification for Forest Rendering }},
 pages = {57--66},
year = {2005},
 URL = {http://www.eg.org/EG/DL/WS/NPH/NPH05/057-066.pdf},
 DOI = {10.2312/NPH/NPH05/057-066}
}

@article\{Truelsen_08,
  title =      "Visualizing procedurally generated trees in real time using multiple levels of detail",
  author =     "René Truelsen, Morten Bonding",
  year =       "2008",
  URL =        "http://image.diku.dk/projects/media/truelsen.bonding.08.pdf",
}



%%%%%%%%%%%%%%%%%%%%%%%%%%%%
@Article{Chen01,
  author = "Yong-Sheng Chen and Yi-Ping Hung and Chiou-Shann Fuh",
  title  = "Fast Block Matching Algorithm Based on the Winner-Update Strategy",
  journal= "IEEE Transactions On Image Processing",
  pages  = "1212--1222",
  volume =   10,
  number =    8,
  year   = 2001,
}

@Book{Serra93,
  author    = "Jean Serra",
  title     = "Image Analysis and Mathematical Morphology",
  publisher = "Academic Press",
  volume    =  1,
  address   = "Oval Road, London, UK",
  edition   = "4th",
  year      =  1993,
}

% Pokud potrebujeme BibTeXu napovedet, kde je nutne zachovat velka a mala 
% pismena, je potreba pouzit slozene zavorky {}. 
% Vetsinou jde o zkratky a vlastnich jmena, ktera nejsou na zacatku nazvu 
% publikace, pripadne o nazvy maker (viz napr. makro \LaTeX).

@Misc{Weber04,
  author = "Martin Weber",
  title  = "Auto{T}race: {A} utility for converting bitmap into vector graphics",
  note   = "\verb|http://autotrace.sourceforge.net|",
  year   = 2004,
}

@InProceedings{Weiss99,
  author    = "Yair Weiss",
  title     = "Segmentation using eigenvectors: {A} unifying view",
  booktitle = "Processings of IEEE International Conference on Computer Vision",
  editor    = "Kim Zheng",
  pages     = "975--982",
  year      =  1999,
}

@InProceedings{Nam04,
  author = 	  {Young Jin Nam and Chanik Park},
  title = 	  {An efficient fair queuing algorithm for guaranteed disk bandwidth},
  booktitle =     {Euro-Par 2004 Parallel Processing},
  year =	  {2004},
  editor =	  {M. Danelutto and D. Laforenza and M. Vanneschi},
  month =	  {august},
  series =	  {Lecture Notes in Computer Science},
  number =	  3149,
  pages =	  {799-802},
  publisher =     {Springer Verlag, 2004},
}


% Nekdy musime dlouhe URL odkazy zalamovat rucne, jak je ukazano nize.
% Vzdy ale uvedeme, kdy byla stranka naposledy aktualizovana, resp. pokud neni
% uvedeno, datum, kdy jsme udaje z ni nacerpali.

@Misc{CSTUG,
  key    = "web:cstug",
  author = "",
  title  = "{CSTUG} --- {\CS}{\TeX} {U}sers {G}roup --- hlavní stránka",
  note   = "\\ \verb|http://www.cstug.cz/|, stav z 2.\,3.\,2009",
}

@Misc{latexdocweb,
  key    = "web:latexdocweb",
  author = "",
  title  = "{\LaTeX} --- online manuál",
  note   = "\\ \verb|http://www.cstug.cz/latex/lm/frames.html|, stav ze 4.\,5.\,2009",
}


@Misc{infodp,
  key    = "web:infodp",
  author = "",
  title  = "K336 {I}nfo --- pokyny pro psaní diplomových prací",
  note   = "\\ \verb|https://info336.felk.cvut.cz/clanek.php?id=400|, stav ze 4.\,5.\,2009",
}

@Misc{infobp,
  key    = "web:infobp",
  author = "",
  title  = "K336 {I}nfo --- pokyny pro psaní bakalářských prací",
  note   = "\\ \verb|https://info336.felk.cvut.cz/clanek.php?id=504|, stav ze 4.\,5.\,2009",
}

%
@Misc{ipe,
  key    = "web:ipe",
  author = "",
  title  = "Grafický vektorový editor pro práce vhodný pro práci {\LaTeX}em",
  note   = "\\ \verb|http://tclab.kaist.ac.kr/ipe/|, stav z 4.\,5.\,2009",
}

@Misc{info,
  key    = "web:info",
  author = "",
  title  = "K336 {I}nfo",
  note   = "\\ \verb|  http://info336.felk.cvut.cz|, stav ze 4.\,5.\,2009",
}

@Misc{latexutf,
  key = "web:latexutf",
  author = "",
  title =  "Wiki Books {\LaTeX}/{I}nternationalization",
  note =   "\\ \verb|http://en.wikibooks.org/wiki/LaTeX/Internationalization|, stav z 1.\,5.\,2009",
}


@Misc{latexwiki,
  key    = "web:latexwiki",
  author = "",
  title  = "Wiki Books {\LaTeX}",
  note   = "\\ \verb|http://en.wikibooks.org/wiki/LaTeX/|, stav z 3.\,4.\,2009",
}


@Misc{dp_jcu,
  key = "web:dpjcu",
  author =       "",
  title =        "Pokyny pro psaní {DP} na {JČU}",
  note =         "\\ \verb|http://home.pf.jcu.cz/~edpo/pravidla/pravidla.html|, stav z 8.\,12.\,2008",
}

@Misc{dp_mendel,
  key = "web:dpmendel",
  author =       "",
  title =        "Pokyny pro psaní {DP} na {M}endelově univerzitě v {B}rně",
  note =         "\\ \verb|http://old.mendelu.cz/~rybicka/zpract/#diplomky|, stav z 1.\,2.\,2008",
}

@COMMENT( The references below have first names abridged. Do not follow this,
use full names whenever possible, BibTeX style will do the appropriate unifications. )

@Book{kniha,
  author =       "J. Žára and B. Beneš and P. Felkel",
  title =        "Moderní počítačová grafika",
  publisher =    "Computer Press s.r.o, Brno",
  edition =      "1st",
  year   = 1998,
  note =	"In Czech",
}

@Article{clanek,
  author =       "P. Slavík",
  title =        "Grammars and Rewriting Systems as Models for Graphical User Interfaces",
  journal =      "Cognitive Systems",
  pages =        "381--399",
  volume =       4,
  number =       "3/4",
  year =         1997,
}

@COMMENT( It is always better to use TeX diacritical escape sequences, 
e.g. {\'{L}}, in the bibliography database, making it encoding independent 
and thus compilable under different document encoding settings. 
Do not follow these examples! )

@InProceedings{sbornik,
  author = 	  "M. Haindl and {\'{L}}. Kment and  P. Slavík",
  title = 	  "Virtual Information Systems",
  booktitle =     "WSCG'2000 --- Short communication papers",
  year =	  2000,
  pages =	  "22--27",
  publisher =     "University of West Bohemia, Pilsen",
}

@Misc{www,
  key = "web:infogs",
  author =       "",
  title =        "Knihovna {G}rafické skupiny",
  note =         "\\ \verb|http://www.cgg.cvut.cz/Bib/library/|, stav z 30.\,8.\,2001",
}


@COMMENT(Another example of www sources referencing, posted by Petr Dlouhy April 2010)

@ONLINE{wiki:framework,
  author = "{Přispěvatelé Wikipedie}",
  title = "Framework",
  cited = "10.\,9.\,2009",
  year =         2009,
  url = "http://cs.wikipedia.org/wiki/Framework"
  }

@ONLINE{wiki:orm,
  author = "{Přispěvatelé Wikipedie}",
  title = "Object-relational mapping",
  cited = "6.\,12.\,2009",
  year =         2009,
  url = "http://en.wikipedia.org/wiki/Object-relational_mapping"
  }


